@online{1,
author={Apache Software Foundation},
title = {HDFS Architecture},
year={2023},
url={https://hadoop.apache.org/docs/r3.3.5/hadoop-project-dist/hadoop-hdfs/HdfsDesign.html}
}

@online{2,
author={Apache Software Foundation},
title = {Hadoop Release 3.3.5},
year={2023},
url={https://hadoop.apache.org/release/3.3.5.html}
}

@online{3,
author={Apache Software Foundation},
title = {Hadoop 3.3.5 Overview of Changes},
year={2023},
url={https://hadoop.apache.org/release/3.3.5.html}
}

@online{4,
author={Apache Software Foundation},
title ={Hadoop 3.3.5 readVectored API},
year={2023},
url={https://hadoop.apache.org/docs/r3.3.5/hadoop-project-dist/hadoop-common/filesystem/fsdatainputstream.html}
}

@unpublished{5,
title={Hadoop Vectored IO: your Data just got Faster!},
author={Mukund Thakur},
year={2022},
note={ACNA},
url={https://www.apachecon.com/acna2022/slides/02_Thakur_Hadoop_Vectored_IO.pdf}
}

@online{6,
author={Linux man-pages project},
title={preadv2(2) — manpages-dev — Debian testing — Debian Manpages},
note={man-pages release 6.02},
url={https://manpages.debian.org/testing/manpages-dev/preadv2.2.en.html}
}

@online{7,
author={Linux man-pages project},
title={preadv(2) - Linux man page},
url={https://linux.die.net/man/2/preadv}
}